@MISC{Doe:2009:Misc,
author = {Doe, George},
title = {This is a test test entry of type {@MISC} and `howpublished'},
month = jun,
year = {2009},
howpublished={\url{http://www.test.org/doe/}}
}

@BOOKLET{Doe:2009:Booklet,
title = {This is a test entry of type {@BOOKLET}},
author = {Doe, John},
month = jun,
year = {2009},
url = {http://www.test.org/doe/}
}

@MISC{Doe:2009:Misc,
author = {Doe, Paul},
title = {This is a test test entry of type {@MISC}},
month = jun,
year = {2009},
url = {http://www.test.org/doe/}
}

%%%% junk to be removed later

%^c^e shiftM
@Misc{acms-prog,
  author = {University of Washington},
  title = 	 {ACMS Program Core},
  howpublished = {http://www.math.washington.edu/acms/programcore.html},
  year = 	 {},
}

@Misc{cse142,
  OPTkey = 	 {},
  OPTauthor = 	 {Stuart Reges},
  OPTtitle = 	 {CSE 142:omputer Programming I, Autumn 2013},
  OPThowpublished = {http://courses.cs.washington.edu/courses/cse142/13au/textbook.shtml},
  OPTmonth = 	 {},
  OPTyear = 	 {},
  OPTnote = 	 {},
  OPTannote = 	 {}
}


@Book{Reges:java,
  ALTauthor = 	 {Stuart Reges and Marty Stepp},
  title = 	 {Building Java Programs: A Back to Basics Approach},
  publisher = 	 {Pearson},
  year = 	 {2013},
  OPTedition = 	 {3rd},
}

